@inproceedings{yates05,
    author={Ricardo Baeza-Yates et al.},
    title={Crawling a country: better strategies than breadth-first for web page ordering},
    booktitle={WWW '05 Special interest tracks and posters of the 14th international conference on World Wide Web},
    year={2005},
    publisher={Association for Computing Machinery},
    address={New York, NY, USA},
    volume={14},
    pages={864-872}}

@book{langville11,
    author={Amy N. Langville, Carl D. Meyer},
    title={Google's PageRank and Beyond: The Science of Search Engine Rankings},
    publisher={Princeton University Press},
    year={2011},
    address={Princeton, NJ, USA}}

@article{page98,
    author={Lawrence Page, Sergey Brin},
    title={The Anatomy of a Large-Scale Hypertextual Web Search Engine},
    journal={Computer Networks and ISDN Systems},
    volume={30},
    year={1998},
    number={1-7},
    pages={107-117},
    publisher={Elsevier Sciende Publishers B.V.}}
    
@inproceedings{hafri04,
    author={Younès Hafri, Chabane Djeraba},
    title={High Performance Crawling System},
    booktitle={MIR '04 Proceedings of the 6th ACM SIGMM international workshop on Multimedia information retrieval},
    year={2004},
    publisher={Association for Computing Machinery},
    address={New York, NY, USA},
    volume={6},
    pager={299-306}}
    
@inproceedings{giles10,
    author={C. Lee Giles et al.},
    title={Measuring The Web Crawler Ethics},
    booktitle={WWW '10 Proceedings of the 19th international conference on World wide web},
    year={2010},
    publisher={Association for Computing Machinery},
    address={New York, NY, USA},
    volume={19},
    pages={1101-1102}}
    
@article{wills06,
    title={Google's pagerank The math behind the search engine},
    author={Rebecca S. Wills},
    journal={The Mathematical Intelligencer},
    volume={28},
    year={2006},
    number={4},
    pages={6-11},
    publisher={Springer Science+Business Media Inc.}}
    
@patent{google98,
    author={Lawrence Page},
    title={Method For Node Ranking In A Linked Database},
    year={2001},
    month={09},
    day={2001},
    yearfiled={1998},
    monthfiled={jan},
    dayfiled={9},
    number={US 6,285,999 B1},
    type = {Patent},
    location={US}}
    
@article{1,
    title={Im Netz von Google. Web-Tracking und Datenschutz},
    author={Roland Steidle, Ulrich Pordesch},
    journal={Datenschutz und Datensicherheit - DuD},
    volume={32},
    year={2008},
    number={5},
    pages={324-329},
    publisher={Springer Science+Business Media Inc.}}

@article{2,
    title={Chrome mit Kratzern},
    author={Ulrich Pordesch et al.},
    journal={Datenschutz und Datensicherheit - DuD},
    volume={33},
    year={2009},
    number={1},
    pages={47-52},
    publisher={Springer Science+Business Media Inc.}}

@article{3,
    title={Google: The World’s First Information Utility?},
    author={Rex Chen et al.},
    journal={Business \& Information Systems Engineering},
    volume={1},
    year={2009},
    number={1},
    pages={53-61},
    publisher={Springer Science+Business Media Inc.}}

@techreport{gadermayr14,
    author={Michael Gadermayr et al.},
    title={Scale-Adaptive Texture Classification},
    institution={Fachbereich Computerwissenschaften, Universität Salzburg},
    month={01},
    year={2014}}

@phdthesis{kutil02,
    author={R. Kutil},
    title={Wavelet Domain Based Techniques for Video Coding},
    school={Fachbereich Computerwissenschaften, Universität Salzburg},
    month={07},
    year={2002}}
    
@incollection{acm15,
    author={Flavio Chierichetti et al.},
    title={Efficient Algorithms for Public-Private Social Networks},
    booktitle={The ACM Collection on Digital Content},
    publisher={Association for Computing Machinery},
    year={2015}}


























